@book{CLRS09,
  author    = {Thomas H. Cormen and Charles E. Leiserson and Ronald L. Rivest and Clifford Stein},
  title     = {Introduction to Algorithms},
  edition   = {3rd},
  year      = {2009},
  publisher = {MIT Press}
}

@book{KnuthV3,
  author    = {Donald E. Knuth},
  title     = {The Art of Computer Programming, Vol. 3: Sorting and Searching},
  edition   = {2nd},
  year      = {1998},
  publisher = {Addisonâ€“Wesley}
}

@article{HullDobell62,
  author  = {T. E. Hull and A. R. Dobell},
  title   = {Random Number Generators},
  journal = {SIAM Review},
  volume  = {4},
  number  = {3},
  pages   = {230--254},
  year    = {1962}
}

@article{MatsumotoNishimura98,
  author  = {Makoto Matsumoto and Takuji Nishimura},
  title   = {Mersenne Twister: A 623-Dimensionally Equidistributed Uniform Pseudorandom Number Generator},
  journal = {ACM Transactions on Modeling and Computer Simulation},
  volume  = {8},
  number  = {1},
  pages   = {3--30},
  year    = {1998}
}

@article{CarterWegman79,
  author  = {J. Lawrence Carter and Mark N. Wegman},
  title   = {Universal Classes of Hash Functions},
  journal = {Journal of Computer and System Sciences},
  volume  = {18},
  number  = {2},
  pages   = {143--154},
  year    = {1979}
}